
@article{examplereference,
    author      = "Jacek A. Goszczy'nski Wojciech Blajer and Mariusz Krawczyk",
    title       = "{The Inverse Simulation Study of Aircraft Flight Path Reconstruction}",
    journal       = "{Transport}",
    year       = "2002",
    volume       = "XVII",
    number       = "3",
    pages       = "103-107",
}